<?xml version="1.0" encoding="UTF-8"?><collection xmlns="http://www.loc.gov/MARC21/slim"><record><leader>00426nam--2200133-i-4500</leader><controlfield tag="001">000034043</controlfield><controlfield tag="002">20161230</controlfield><controlfield tag="005">20161230201039</controlfield><controlfield tag="008">060222s1000------------r-----000-0-eng-d</controlfield><datafield ind1=" " ind2=" " tag="080"><subfield code="a">543.42:543.426</subfield></datafield><datafield ind1=" " ind2=" " tag="100"><subfield code="a">Muller, Rudolf O</subfield></datafield><datafield ind1=" " ind2=" " tag="245"><subfield code="a">Spektrochemische analysen mit rontgenfluoreszenz. theorie und industrielle anwendung. mit 98 bildern und 24 tabaellen</subfield></datafield><datafield ind1=" " ind2=" " tag="260"><subfield code="a">Munchen, Wien, R. Oldenbourg, 1967, 315p</subfield></datafield><datafield ind1=" " ind2=" " tag="852"><subfield code="a">27749</subfield></datafield></record></collection>